@article{Paula,
author = {Paul, MJ},
file = {:Users/tdimson/Library/Application Support/Mendeley Desktop/Downloaded/Paul - Unknown - Mixed Membership Markov Models for Unsupervised Conversation Modeling.pdf:pdf},
journal = {newdesign.aclweb.org},
title = {{Mixed Membership Markov Models for Unsupervised Conversation Modeling}},
url = {http://newdesign.aclweb.org/anthology-new/D/D12/D12-1009.pdf},
year = {2012}
}
@article{Ritter2010a,
author = {Ritter, Alan and Cherry, Colin and Dolan, Bill},
month = jun,
pages = {172--180},
title = {{Unsupervised modeling of Twitter conversations}},
url = {http://dl.acm.org/citation.cfm?id=1857999.1858019},
year = {2010}
}
@article{Germesin2009a,
author = {Germesin, S and Wilson, T},
file = {:Users/tdimson/Library/Application Support/Mendeley Desktop/Downloaded/Germesin, Wilson - 2009 - Agreement detection in multiparty conversation.pdf:pdf},
journal = {\ldots  of the 2009 international conference on  \ldots},
title = {{Agreement detection in multiparty conversation}},
url = {http://dl.acm.org/citation.cfm?id=1647319},
year = {2009}
}
@article{Mayfield2012a,
author = {Mayfield, Elijah and Adamson, David and Ros\'{e}, Carolyn Penstein},
month = jul,
pages = {60--69},
title = {{Hierarchical conversation structure prediction in multi-party chat}},
url = {http://dl.acm.org/citation.cfm?id=2392800.2392810},
year = {2012}
}
@article{Wang2009b,
author = {Wang, L and Oard, DW},
file = {::},
journal = {\ldots  of Human Language Technologies: The 2009  \ldots},
title = {{Context-based message expansion for disentanglement of interleaved text conversations}},
url = {http://dl.acm.org/citation.cfm?id=1620783},
year = {2009}
}
@inproceedings{Wang2011b,
address = {New York, New York, USA},
author = {Wang, Hongning and Wang, Chi and Zhai, ChengXiang and Han, Jiawei},
booktitle = {Proceedings of the 34th international ACM SIGIR conference on Research and development in Information - SIGIR '11},
doi = {10.1145/2009916.2009976},
file = {:Users/tdimson/Library/Application Support/Mendeley Desktop/Downloaded/Wang et al. - 2011 - Learning online discussion structures by conditional random fields.pdf:pdf},
isbn = {9781450307574},
keywords = {replying relation reconstruction,structure learning,threaded discussion},
month = jul,
pages = {435},
publisher = {ACM Press},
title = {{Learning online discussion structures by conditional random fields}},
url = {http://dl.acm.org/citation.cfm?id=2009916.2009976},
year = {2011}
}
@article{Wang2008a,
author = {Wang, YC and Joshi, M and Cohen, W and Ros\'{e}, C},
file = {:Users/tdimson/Library/Application Support/Mendeley Desktop/Downloaded/Wang et al. - 2008 - Recovering implicit thread structure in newsgroup style conversations.pdf:pdf},
journal = {Proceedings of the 2nd  \ldots},
title = {{Recovering implicit thread structure in newsgroup style conversations}},
url = {http://www.aaai.org/Papers/ICWSM/2008/ICWSM08-026.pdf},
year = {2008}
}
@article{Elsner2008a,
author = {Elsner, M and Charniak, E},
file = {:Users/tdimson/Library/Application Support/Mendeley Desktop/Downloaded/Elsner, Charniak - 2008 - You talking to me a corpus and algorithm for conversation disentanglement.pdf:pdf},
journal = {Proceedings of ACL-08: HLT},
title = {{You talking to me? a corpus and algorithm for conversation disentanglement}},
url = {http://scholar.google.com/scholar?hl=en\&q=eugene+charniak+irc\&btnG=\&as\_sdt=1\%2C5\&as\_sdtp=\#0},
year = {2008}
}
@article{Paulb,
author = {Paul, MJ},
file = {:Users/tdimson/Library/Application Support/Mendeley Desktop/Downloaded/Paul - Unknown - Mixed Membership Markov Models for Unsupervised Conversation Modeling.pdf:pdf},
journal = {newdesign.aclweb.org},
title = {{Mixed Membership Markov Models for Unsupervised Conversation Modeling}},
url = {http://newdesign.aclweb.org/anthology-new/D/D12/D12-1009.pdf},
year = {2012}
}
@article{Mayfield,
author = {Mayfield, E and Adamson, D and Ros\'{e}, CP},
journal = {aclweb.org},
title = {{Hierarchical Conversation Structure Prediction in Multi-Party Chat}},
url = {http://www.aclweb.org/anthology/W/W12/W12-1607.pdf}
}
@inproceedings{Wang2011a,
address = {New York, New York, USA},
author = {Wang, Hongning and Wang, Chi and Zhai, ChengXiang and Han, Jiawei},
booktitle = {Proceedings of the 34th international ACM SIGIR conference on Research and development in Information - SIGIR '11},
keywords = {replying relation reconstruction,structure learning,threaded discussion},
month = jul,
pages = {435},
publisher = {ACM Press},
title = {{Learning online discussion structures by conditional random fields}},
url = {http://dl.acm.org/citation.cfm?id=2009916.2009976},
year = {2011}
}
@article{Carvalho2005a,
author = {Carvalho, VR and Cohen, WW},
file = {:Users/tdimson/Library/Application Support/Mendeley Desktop/Downloaded/Carvalho, Cohen - 2005 - On the collective classification of email speech acts.pdf:pdf},
journal = {\ldots  international ACM SIGIR conference on  \ldots},
title = {{On the collective classification of email speech acts}},
url = {http://dl.acm.org/citation.cfm?id=1076094},
year = {2005}
}
@article{Feng2006a,
author = {Feng, D and Shaw, E and Kim, J and Hovy, E},
journal = {Proceedings of the main conference on \ldots},
title = {{Learning to detect conversation focus of threaded discussions}},
url = {http://dl.acm.org/citation.cfm?id=1220862},
year = {2006}
}
@article{Kim2012,
author = {Kim, SN and Cavedon, L and Baldwin, T},
title = {{Classifying Dialogue Acts in Multi-party Live Chats}},
url = {http://www.aclweb.org/anthology-new/Y/Y12/Y12-1050.pdf},
year = {2012}
}
@article{Mayfield2012b,
author = {Mayfield, Elijah and Adamson, David and Ros\'{e}, Carolyn Penstein},
file = {:Users/tdimson/Library/Application Support/Mendeley Desktop/Downloaded/Mayfield, Adamson, Ros\'{e} - 2012 - Hierarchical conversation structure prediction in multi-party chat.pdf:pdf},
month = jul,
pages = {60--69},
title = {{Hierarchical conversation structure prediction in multi-party chat}},
url = {http://dl.acm.org/citation.cfm?id=2392800.2392810},
year = {2012}
}
@article{Aumayr2011a,
author = {Aumayr, E and Chan, J and Hayes, C},
file = {:Users/tdimson/Library/Application Support/Mendeley Desktop/Downloaded/Aumayr, Chan, Hayes - 2011 - Reconstruction of threaded conversations in online discussion forums.pdf:pdf},
journal = {Proceedings of the Fifth International AAAI  \ldots},
title = {{Reconstruction of threaded conversations in online discussion forums}},
url = {http://www.aaai.org/ocs/index.php/ICWSM/ICWSM11/paper/viewPDFInterstitial/2840/3279},
year = {2011}
}
