@inproceedings{bakshy2011everyone,
  title={Everyone's an influencer: quantifying influence on twitter},
  author={Bakshy, Eytan and Hofman, Jake M and Mason, Winter A and Watts, Duncan J},
  booktitle={Proceedings of the fourth ACM international conference on Web search and data mining},
  pages={65--74},
  year={2011},
  organization={ACM}
}

@inproceedings{weng2010twitterrank,
  title={Twitterrank: finding topic-sensitive influential twitterers},
  author={Weng, Jianshu and Lim, Ee-Peng and Jiang, Jing and He, Qi},
  booktitle={Proceedings of the third ACM international conference on Web search and data mining},
  pages={261--270},
  year={2010},
  organization={ACM}
}

@article{cha2010measuring,
  title={Measuring User Influence in Twitter: The Million Follower Fallacy.},
  author={Cha, Meeyoung and Haddadi, Hamed and Benevenuto, Fabricio and Gummadi, P Krishna},
  journal={ICWSM},
  volume={10},
  pages={10--17},
  year={2010}
}

@article{blei2003latent,
  title={Latent dirichlet allocation},
  author={Blei, David M and Ng, Andrew Y and Jordan, Michael I},
  journal={the Journal of machine Learning research},
  volume={3},
  pages={993--1022},
  year={2003},
  publisher={JMLR. org}
}

@inproceedings{haveliwala2002topic,
  title={Topic-sensitive pagerank},
  author={Haveliwala, Taher H},
  booktitle={Proceedings of the 11th international conference on World Wide Web},
  pages={517--526},
  year={2002},
  organization={ACM}
}

@article{movshovitzanalysis,
  title={Analysis of the Reputation System and User Contributions on a Question Answering Website: StackOverflow},
  author={Movshovitz-Attias, Dana and Movshovitz-Attias, Yair and Steenkiste, Peter and Faloutsos, Christos}
}
